<record><leader>00000cas a22000007a 4500</leader><controlfield tag="001">10635676</controlfield><controlfield tag="008">840417d18701872nvudn ne      0   a0eng  </controlfield><datafield ind1=" " ind2=" " tag="010"><subfield code="a">sn 84020345 </subfield></datafield><datafield ind1=" " ind2=" " tag="040"><subfield code="a">DLC</subfield><subfield code="b">eng</subfield><subfield code="c">DLC</subfield><subfield code="d">OCL</subfield><subfield code="d">NNX</subfield><subfield code="d">DLC</subfield><subfield code="d">CNK</subfield><subfield code="d">UBY</subfield><subfield code="d">OCLCO</subfield><subfield code="d">OCLCF</subfield><subfield code="d">DLC</subfield></datafield><datafield ind1="0" ind2=" " tag="022"><subfield code="a">2474-2155</subfield><subfield code="2">1</subfield></datafield><datafield ind1=" " ind2=" " tag="042"><subfield code="a">msc</subfield><subfield code="a">nsdp</subfield></datafield><datafield ind1=" " ind2=" " tag="043"><subfield code="a">n-us-nv</subfield></datafield><datafield ind1="0" ind2="0" tag="050"><subfield code="a">Newspaper</subfield></datafield><datafield ind1="1" ind2="0" tag="082"><subfield code="a">071</subfield><subfield code="2">23</subfield></datafield><datafield ind1="0" ind2=" " tag="130"><subfield code="a">Daily state register (Carson City, Nev.)</subfield></datafield><datafield ind1=" " ind2="4" tag="222"><subfield code="a">The daily state register</subfield><subfield code="b">(Carson City, Nev. Print)</subfield></datafield><datafield ind1="0" ind2="4" tag="245"><subfield code="a">The Daily state register.</subfield></datafield><datafield ind1=" " ind2=" " tag="260"><subfield code="a">Carson City, Nev. :</subfield><subfield code="b">Perkins &amp; Street,</subfield><subfield code="c">1870-</subfield></datafield><datafield ind1=" " ind2=" " tag="300"><subfield code="a">v. :</subfield><subfield code="b">ill. (chiefly advertisements) ;</subfield><subfield code="c">52 cm.</subfield></datafield><datafield ind1=" " ind2=" " tag="310"><subfield code="a">Daily (except Mon.)</subfield></datafield><datafield ind1="0" ind2=" " tag="362"><subfield code="a">Vol. 1, no. 1 (Dec. 29, 1870)-v. 4, no. 145 (Dec. 15, 1872).</subfield></datafield><datafield ind1=" " ind2=" " tag="530"><subfield code="a">Microfilm available from Bell &amp; Howell.</subfield></datafield><datafield ind1=" " ind2=" " tag="530"><subfield code="a">Archived issues are available in digital format from the Library of Congress Chronicling America online collection.</subfield></datafield><datafield ind1=" " ind2=" " tag="580"><subfield code="a">"After the revival of The Appeal by Mighels in September, Booth faced stiff competition for subscribers and advertisers thus, when Mighels finally offered to buy him out, he accepted." Cf. Lingenfelter, R. Newspapers of Nev., 1854-1979.</subfield></datafield><datafield ind1=" " ind2="0" tag="651"><subfield code="a">Carson City (Nev.)</subfield><subfield code="v">Newspapers.</subfield></datafield><datafield ind1=" " ind2="7" tag="651"><subfield code="a">Nevada</subfield><subfield code="z">Carson City.</subfield><subfield code="2">fast</subfield><subfield code="0">(OCoLC)fst01204369</subfield></datafield><datafield ind1=" " ind2="7" tag="655"><subfield code="a">Newspapers.</subfield><subfield code="2">fast</subfield><subfield code="0">(OCoLC)fst01423814</subfield></datafield><datafield ind1=" " ind2=" " tag="752"><subfield code="a">United States</subfield><subfield code="b">Nevada</subfield><subfield code="c">Ormsby</subfield><subfield code="d">Carson City.</subfield></datafield><datafield ind1=" " ind2=" " tag="752"><subfield code="a">United States</subfield><subfield code="b">Nevada</subfield><subfield code="c">Carson City</subfield><subfield code="d">Carson City.</subfield></datafield><datafield ind1="0" ind2="8" tag="776"><subfield code="i">Online version:</subfield><subfield code="t">Daily state register (Carson City, Nev.)</subfield><subfield code="x">2474-2163</subfield><subfield code="w">(DLC)  2016271163</subfield><subfield code="w">(OCoLC)958381084</subfield></datafield><datafield ind1="0" ind2="0" tag="780"><subfield code="t">Carson daily appeal (Carson City, Nev. : 1865)</subfield><subfield code="x">2472-0348</subfield><subfield code="w">(DLC)sn 84022040</subfield><subfield code="w">(OCoLC)10266306</subfield></datafield><datafield ind1="0" ind2="4" tag="785"><subfield code="t">New daily appeal</subfield><subfield code="x">2472-0402</subfield><subfield code="w">(DLC)sn 86076182</subfield><subfield code="w">(OCoLC)13758874</subfield></datafield><datafield ind1="4" ind2="1" tag="856"><subfield code="u">http://chroniclingamerica.loc.gov/lccn/sn84020345/issues/</subfield></datafield><datafield ind1="1" ind2=" " tag="029"><subfield code="a">AU@</subfield><subfield code="b">000025808754</subfield></datafield></record>